% @article{japanese-comp,
%   author    = {Fenny Febrianti},
%   title     = {Information Technology for Japanese Learning},
%   journal   = {IOP Conference Series: Materials Science and Engineering},
%   publisher = {IOP Publishing},
%   year      = 2019,
%   volume    = "662",
%   issue     = "2",
%   pages     = ""
% }

Мухтарова А.А.. "Использование ИТ-технологий при изучении 
английского и японского языка" Умная цифровая экономика, 
  vol. 2, no. 3, 2022, pp. 34-41.

@article{muhtarova,
author = {А А Мухтарова},
title  = {Использование ИТ-технологий при изучении английского и японского языка},
year   = 2022,
volume = {2},
number = {3},
pages  = {34--41},
journal = {Умная цифровая экономика}
}

@article{edu-network,
author = {Cheng, Tung},
year = {2013},
pages = {67-85},
title = {Applying networked learning to improve learner interactions: A new paradigm of teaching and learning in ODL},
volume = {8},
journal = {Asian Association of Open Universities Journal},
doi = {10.1108/AAOUJ-08-02-2013-B006}
}

% @article{ocr-usage,
% author    = {Chase Basich and Sloane Sturzenegger},
% title     = {Optical Character Recognition of Japanese Text},
% year      = 2016
% pages     = 
% }

@INPROCEEDINGS{ocr-usage,

  author={Nguyen, Nhan Thien and Nguyen, Dang Minh and Le, Anh Duc and Quan, Tho Thanh},

  booktitle={2021 13th International Conference on Knowledge and Systems Engineering (KSE)}, 

  title={Recognizing modern Japanese magazines by combining Deep Learning with language models}, 

  year={2021},

  volume={},

  number={},

  pages={1-6},

  doi={10.1109/KSE53942.2021.9648643}
}

@article{japanese-comp,
doi = {10.1088/1757-899X/662/2/022117},
url = {https://dx.doi.org/10.1088/1757-899X/662/2/022117},
year = {2019},
publisher = {IOP Publishing},
volume = {662},
number = {2},
pages = {022117},
author = {F Febrianty and R Ricardo},
title = {Information Technology for Japanese Learning},
journal = {IOP Conference Series: Materials Science and Engineering},
}


@article{digital-era,
  author  = {Nise Samudra Sasanti},
  title   = {Japanese Language Learning Consistency in the Digital Era},
  journal = {Jurnal Ilmiah Lingua Idea},
  year    = 2022,
  volume  = "13",
  pages   = "207--219"
}

@book{date,
title     = {Введение в системы баз данных},
author    = {К Дж Дейт},
year      = 2005,
publisher = {Издательский дом "Вильямс"},
address   = {Москва}
}

@book{pearson-subd,
author    = {Ramez Elmasri and Shamkant B Navathe},
editor    = {Michael Hirsch},
title     = {Fundamentals of Database Systems},
year      = 2010,
publisher = {Pearson},
address   = {London}
}

